@preamble{ "\newcommand{\noopsort}[1]{} "
	# "\newcommand{\printfirst}[2]{#1} "
	# "\newcommand{\singleletter}[1]{#1} "
	# "\newcommand{\switchargs}[2]{#2#1} " }



@Book{workflow_systemy,
	author ={W.M.P. van der Aalst},
	title = {The Application of Petri Nets to Workflow Management},
	publisher =    {Department of Mathematics and Computing Science, Eindhoven University of Technology},
	year =   {1998},
	ISBN      = {047149110}
}

% ISBN: 3540455418, 9783540455417
@Book{
	gabova_kniha,
	title =        {Unifying Petri Nets: Advances in Petri Nets},
	author =	{Hartmut Ehrig AND Gabriel Juhás AND Julia Padberg AND Grzegorz Rozenberg (Eds.)},
	year =         {2003},
	publisher = {Springer}
}  

@Book{autorizacia,
	title = {Authorisation and Access Control of Application Data in Workflow Systems},
	author =	{Shengli Wu AND Amit ShethAffiliated with
	LSDIS Lab, University of Georgia
	AND John Miller AND Zongwei Luo},
	journal = {Journal of Intelligent Information Systems},
	year =         {2002},
	publisher = {Kluwer Academic Publishers},
	pages = {71-94},
	volume = {18},
}  


@Book{
	ekonomika,
	title= {The Economic Impact of Role-Based Access Control},
	author = {Michael P. Gallaher AND  Alan C. O’Connor AND Brian Kropp},
	year = {2002},
	publisher = {National Institute of Standards and Technology}
}



@Book{
	kuhn,
	 title={Role-based Access Control},
	 author={Ferraiolo, D. and Kuhn, D.R. and Chandramouli, R.},
	 isbn={9781596931138},
	 lccn={2007274360},
	 series={Artech House Computing Library},
	 url={https://books.google.sk/books?id=--BQAAAAMAAJ},
	 year={2007},
	 publisher={Artech House}
}


@Book{
	aalst,
	  title={Workflow Management: Models, Methods, and Systems},
	  author={van der Aalst, W. and van Hee, K.M.},
	  isbn={9780262720465},
	  lccn={2001042602},
	  series={Cooperative information systems},
	  url={https://books.google.sk/books?id=O1xW1\_Za-I0C},
	  year={2004},
	  publisher={MIT Press}
}

%upravit
% Van Der Aalst, W. M. Three good reasons for using a petri-net-based workflow
% management system. In Proceedings of the International Working Conference
% on Information and Process Integration in Enterprises (IPIC’96) (1996), Citeseer,
% pp. 179–201.
@Book{
	workflow_vyhody,
	title= {Three good reasons for using a petri-net-based workflow
	management system},
	author = {Van Der Aalst, W. M.},
	publisher = {MIT press. },
	year = {1996}
}

%upravit !!!
% Saltzer, J. H., and M. D. Schroeder, “The Protection of Information in
% Computer Systems,” Proc. IEEE, Vol. 63, No. 9, September 1975, pp.
% 1278–1308.
@Book{
	saltzer,
	title= {The Protection of Information in Computer Systems},
	author = {Saltzer, J. H. AND M. D. Schroeder},
	publisher = {zmen toto este},
	year = {1975}
}


%pozor
%upravit
% D. E. Bell and L. J. La Padula. Secure computer systems: Vol. I—mathematical
% foundations, Vol. II—a mathematical model, Vol. III—a refinement of the mathematical
% model. Technical Report MTR-2547 (three volumes), Mitre Corporation,
% Bedford, MA, March–December 1973.
@Book{
	bell-lapadula,
	 title={Secure Computer Systems: Mathematical Foundations and Model},
	 author={Bell, D.E. and Padula, L.J.L.},
	 year={1973},
	 publisher={Mitre}
}


%Sandhu, R., et. al., “Role-Based Access Control Models,” IEEE Computer, Vol.
%29, No. 2, February 1996.
@article{
	sandhu96,
	citeulike:714395,
	abstract = {{Security administration of large systems is complex, but it can be simplified by a role-based access control approach. This article explains why RBAC is receiving renewed attention as a method of security administration and review, describes a framework of four reference models developed to better understand RBAC and categorizes different implementations, and discusses the use of RBAC to manage itself}},
	author = {Sandhu, R. S. and Coyne, E. J. and Feinstein, H. L. and Youman, C. E.},
	citeulike-article-id = {714395},
	citeulike-linkout-0 = {http://ieeexplore.ieee.org/xpls/abs\_all.jsp?arnumber=485845},
	journal = {Computer},
	keywords = {access, control, security},
	number = {2},
	pages = {38--47},
	posted-at = {2007-09-27 21:09:12},
	priority = {2},
	title = {{Role-based access control models}},
	url = {http://ieeexplore.ieee.org/xpls/abs\_all.jsp?arnumber=485845},
	volume = {29},
	year = {1996}
}

%Ferraiolo, D. F., J. Cugini, and D. R. Kuhn, “Role-Based Access Control
%(RBAC): Features and Motivations,” Proceedings of the 11th Annual Computer
%Security Application Conference, New Orleans, LA, December 11–15, 1995,
%pp. 241–248.
@article{
	NIST95,
	added-at = {2008-01-27T23:43:29.000+0100},
	author = {Ferraiolo, D.Richard Kuhn David F.},
	biburl = {http://www.bibsonomy.org/bibtex/2b71064a0a777d71bc6054f0a31016b71/bergo},
	interhash = {76812e41a559a9b8ffeb08afd44b332f},
	intrahash = {b71064a0a777d71bc6054f0a31016b71},
	keywords = {imported},
	owner = {bergo},
	pdf = {http://csrc.nist.gov/rbac/ferraiolo-cugini-kuhn-95.pdf},
	timestamp = {2008-01-27T23:43:32.000+0100},
	title = {Role-Based Access Control (RBAC): Features and Motivations},
	url = {http://csrc.nist.gov/rbac/},
	year = 1995
}

%!!!!
%(Telecom Glossary 2000, American National Standard for
%Telecommunications, American National Standards Institute)
@Book{
	telecom,
	title= {American National Standard for},
	author = {Alfred},
	publisher = {Telecommunications},
	year = {2000}
}




%upravit!!!
% [1] DoD, Trusted Computer System Evaluation Criteria (TCSEC), DoD 5200.28-STD.
@Book{
	TSCES,
	title= {dopln.. toto nie je kniha :D},
	author = {Alfred},
	publisher = {dfgd},
	year = {2000}
}

%what the hack !!!
% CURPHEY, Mark. Mandatory Access Control [online]. 2002 [cit. 2008-10-22] .
@Book{
	MAC,
	title= { Mandatory Access Control},
	author = {CURPHEY, Mark.},
	publisher = {online},
	year = {2002 }
}

%upravit
%7] JUHÁS, G.: Modelovacie formalizmy udalostných systémov Bratislava: RT systems
%s.r.o., 2011, ISBN 978-80-970519-1-4, p. 29-45
@Book{
	Modelovacie_formalizmy,
	title= { Modelovacie formalizmy udalostných systémov},
	author = { JUHÁS, G.},
	publisher = {Bratislava: RT systems s.r.o.},
	year = {2011},
	isbn = {978-80-970519-1-4},
	pages = {38--47}
}


%DESEL, J. - REISIG, W.: Lectures on Petri nets I: Basic models. Germany: Universtit
%ät Karlsruhe: Springer, 1998, ISBN 3-540-65306-6
@Book{
	desel,
	title={Lectures on Petri Nets I: Basic Models: Advances in Petri Nets},
	author={Reisig, W. and Rozenberg, G.},
	isbn={9783540653066},
	lccn={98047976},
	series={Lecture Notes in Computer Science},
	url={https://books.google.sk/books?id=4BbFfLMZqnYC},
	year={1998},
	publisher={Springer Berlin Heidelberg}
}

%upravit !!!
%PETRI, C.A. - REISIG, W. 2008 Petri net. [online] [cit. 27.04.2016].
@Book{
	petri,
	title= {Petri net},
	author = {PETRI, C.A. - REISIG},
	publisher = { Germany: Universtit ät Karlsruhe: Springer},
	year = {1998},
	isbn = {3-540-65306-6}
}

@online{page_speed,
	url = {url},

}

@online{attensee,
	url = {url},
	
}
